<?xml version="1.0" encoding="UTF-8"?><record xmlns="http://www.loc.gov/MARC21/slim" xmlns:cinclude="http://apache.org/cocoon/include/1.0" xmlns:zs="http://www.loc.gov/zing/srw/">
  <leader>00441cz  a2200133n  4500</leader>
  <controlfield tag="001">n  86812266 </controlfield>
  <controlfield tag="003">DLC</controlfield>
  <controlfield tag="005">19981203155813.3</controlfield>
  <controlfield tag="008">860310n| acannaab|          |n aaa |||  </controlfield>
  <datafield tag="010" ind1=" " ind2=" ">
    <subfield code="a">n  86812266 </subfield>
  </datafield>
  <datafield tag="040" ind1=" " ind2=" ">
    <subfield code="a">DLC</subfield>
    <subfield code="c">DLC</subfield>
    <subfield code="d">DLC</subfield>
  </datafield>
  <datafield tag="100" ind1="1" ind2="0">
    <subfield code="a">Gore, Chadwick R.</subfield>
  </datafield>
  <datafield tag="670" ind1=" " ind2=" ">
    <subfield code="a">nuc86-20971: The PAC directory, c1984</subfield>
    <subfield code="b">(hdg. on MH rept.: Gore, Chadwick R.; usage: Chadwick R. Gore)</subfield>
  </datafield>
  <datafield tag="670" ind1=" " ind2=" ">
    <subfield code="a">Ukraine's parliamentary election, 1998:</subfield>
    <subfield code="b">p. v. (Chadwick R.Gore)</subfield>
  </datafield>
</record>